@article{alberts2018molecular,
  title={Molecular biology of the cell},
  author={Alberts, Bruce},
  year={2018},
  publisher={Garland Science, Taylor and Francis Group,}
}

@article{anfinsen1961kinetics,
  title={The kinetics of formation of native ribonuclease during oxidation of the reduced polypeptide chain},
  author={Anfinsen, Christian B and Haber, Edgar and Sela, Michael and White Jr, FH},
  journal={Proceedings of the National Academy of Sciences of the United States of America},
  volume={47},
  number={9},
  pages={1309},
  year={1961},
  publisher={National Academy of Sciences}
}

@article{anfinsen1973principles,
  title={Principles that govern the folding of protein chains},
  author={Anfinsen, Christian B},
  journal={Science},
  volume={181},
  number={4096},
  pages={223--230},
  year={1973},
  publisher={JSTOR}
}

@article{ankerst1999optics,
  title={OPTICS: ordering points to identify the clustering structure},
  author={Ankerst, Mihael and Breunig, Markus M and Kriegel, Hans-Peter and Sander, J{\"o}rg},
  journal={ACM Sigmod record},
  volume={28},
  number={2},
  pages={49--60},
  year={1999},
  publisher={ACM New York, NY, USA}
}

@article{apic2001insight,
  title={An insight into domain combinations},
  author={Apic, Gordana and Gough, Julian and Teichmann, Sarah A},
  journal={Bioinformatics},
  volume={17},
  number={suppl\_1},
  pages={S83--S89},
  year={2001},
  publisher={Oxford University Press}
}

@article{apic2003multi,
  title={Multi-domain protein families and domain pairs: comparison with known structures and a random model of domain recombination},
  author={Apic, Gordana and Huber, Wolfgang and Teichmann, Sarah A},
  journal={Journal of structural and functional genomics},
  volume={4},
  number={2-3},
  pages={67--78},
  year={2003},
  publisher={Springer}
}

@article{azam2008activation,
  title={Activation of tyrosine kinases by mutation of the gatekeeper threonine},
  author={Azam, Mohammad and Seeliger, Markus A and Gray, Nathanael S and Kuriyan, John and Daley, George Q},
  journal={Nature structural \& molecular biology},
  volume={15},
  number={10},
  pages={1109},
  year={2008},
  publisher={Nature Publishing Group}
}

@article{bashton2002geometry,
  title={The geometry of domain combination in proteins},
  author={Bashton, Matthew and Chothia, Cyrus},
  journal={Journal of molecular biology},
  volume={315},
  number={4},
  pages={927--939},
  year={2002},
  publisher={Elsevier}
}

@article{bottema1991missense,
  title={Missense mutations and evolutionary conservation of amino acids: evidence that many of the amino acids in factor IX function as" spacer" elements.},
  author={Bottema, CD and Ketterling, Rhett P and Ii, Setsuko and Yoon, Hong Sup and Phillips 3rd, JA and Sommer, Steve S},
  journal={American journal of human genetics},
  volume={49},
  number={4},
  pages={820},
  year={1991},
  publisher={Elsevier}
}

@article{brune2018proteome,
  title={Proteome-wide comparison between the amino acid composition of domains and linkers},
  author={Br{\"u}ne, Daniel and Andrade-Navarro, Miguel A and Mier, Pablo},
  journal={BMC research notes},
  volume={11},
  number={1},
  pages={117},
  year={2018},
  publisher={Springer}
}

@article{case2000role,
  title={Role of the kinesin neck linker and catalytic core in microtubule-based motility},
  author={Case, Ryan B and Rice, Sarah and Hart, Cynthia L and Ly, Bernice and Vale, Ronald D},
  journal={Current Biology},
  volume={10},
  number={3},
  pages={157--160},
  year={2000},
  publisher={Elsevier}
}

@article{chothia1992one,
  title={One thousand families for the molecular biologist},
  author={Chothia, Cyrus},
  journal={Nature},
  volume={357},
  number={6379},
  pages={543--544},
  year={1992},
  publisher={Nature Publishing Group}
}

@article{colman1976structure,
  title={Structure of the human antibody molecule Kol (immunoglobulin G1): an electron density map at 5 {\AA} resolution},
  author={Colman, Peter M and Deisenhofer, Johann and Huber, Robert and Palm, Walter},
  journal={Journal of molecular biology},
  volume={100},
  number={3},
  pages={257--278},
  year={1976},
  publisher={Elsevier}
}

@article{cyrus2011impact,
  title={Impact of linker length on the activity of PROTACs},
  author={Cyrus, Kedra and Wehenkel, Marie and Choi, Eun-Young and Han, Hyeong-Jun and Lee, Hyosung and Swanson, Hollie and Kim, Kyung-Bo},
  journal={Molecular BioSystems},
  volume={7},
  number={2},
  pages={359--364},
  year={2011},
  publisher={Royal Society of Chemistry}
}

@article{del2008defining,
  title={Defining functional distances over gene ontology},
  author={Del Pozo, Angela and Pazos, Florencio and Valencia, Alfonso},
  journal={BMC bioinformatics},
  volume={9},
  number={1},
  pages={50},
  year={2008},
  publisher={Springer}
}

@book{dessimoz2017gene,
  title={The gene ontology handbook},
  author={Dessimoz, Christophe and {\v{S}}kunca, Nives},
  year={2017},
  publisher={Springer Nature}
}

@article{eddy1996hidden,
  title={Hidden markov models},
  author={Eddy, Sean R},
  journal={Current opinion in structural biology},
  volume={6},
  number={3},
  pages={361--365},
  year={1996},
  publisher={Elsevier Current Trends}
}

@article{fox1998single,
  title={A single amino acid substitution makes ERK2 susceptible to pyridinyl imidazole inhibitors of p38 MAP kinase},
  author={Fox, Ted and Coll, Joyce T and Xie, Xiaoling and Ford, Pamella J and Germann, Ursula A and Porter, Margaret D and Pazhanisamy, S and Fleming, Mark A and Galullo, Vincent and Su, Michael SS and others},
  journal={Protein Science},
  volume={7},
  number={11},
  pages={2249--2255},
  year={1998},
  publisher={Wiley Online Library}
}

@article{george2002analysis,
  title={An analysis of protein domain linkers: their classification and role in protein folding},
  author={George, Richard A and Heringa, Jaap},
  journal={Protein Engineering, Design and Selection},
  volume={15},
  number={11},
  pages={871--879},
  year={2002},
  publisher={Oxford University Press}
}

@article{gerstein1998representative,
  title={How representative are the known structures of the proteins in a complete genome? A comprehensive structural census},
  author={Gerstein, Mark},
  journal={Folding and Design},
  volume={3},
  number={6},
  pages={497--512},
  year={1998},
  publisher={Elsevier}
}

@article{gogl2019disordered,
  title={Disordered protein kinase regions in regulation of kinase domain cores},
  author={G{\'o}gl, Gerg{\H{o}} and Kornev, Alexandr P and Rem{\'e}nyi, Attila and Taylor, Susan S},
  journal={Trends in biochemical sciences},
  volume={44},
  number={4},
  pages={300--311},
  year={2019},
  publisher={Elsevier}
}

@article{goldberg1969tertiary,
  title={Tertiary structure of Escherichia coli $\beta$-D-galactosidase},
  author={Goldberg, Michel E},
  journal={Journal of Molecular Biology},
  volume={46},
  number={3},
  pages={441--446},
  year={1969},
  publisher={Elsevier}
}

@article{gough2001assignment,
  title={Assignment of homology to genome sequences using a library of hidden Markov models that represent all proteins of known structure},
  author={Gough, Julian and Karplus, Kevin and Hughey, Richard and Chothia, Cyrus},
  journal={Journal of molecular biology},
  volume={313},
  number={4},
  pages={903--919},
  year={2001},
  publisher={Elsevier}
}

@article{hanks1988protein,
  title={The protein kinase family: conserved features and deduced phylogeny of the catalytic domains},
  author={Hanks, Steven K and Quinn, Anne Marie and Hunter, Tony},
  journal={Science},
  volume={241},
  number={4861},
  pages={42--52},
  year={1988},
  publisher={American Association for the Advancement of Science}
}

@incollection{hanks19912,
  title={[2] Protein kinase catalytic domain sequence database: Identification of conserved features of primary structure and classification of family members},
  author={Hanks, Steven K and Quinn, Anne Marie},
  booktitle={Methods in enzymology},
  volume={200},
  pages={38--62},
  year={1991},
  publisher={Elsevier}
}

@article{hanks1995eukaryotic,
  title={The eukaryotic protein kinase superfamily: kinase (catalytic) domain structure and classification 1},
  author={Hanks, Steven K and Hunter, Tony},
  journal={The FASEB journal},
  volume={9},
  number={8},
  pages={576--596},
  year={1995},
  publisher={Wiley Online Library}
}

@article{hanks2003genomic,
  title={Genomic analysis of the eukaryotic protein kinase superfamily: a perspective},
  author={Hanks, Steven K},
  journal={Genome biology},
  volume={4},
  number={5},
  pages={111},
  year={2003},
  publisher={Springer}
}

@article{hariharan2009insights,
  title={Insights into the mechanical properties of the kinesin neck linker domain from sequence analysis and molecular dynamics simulations},
  author={Hariharan, Venkatesh and Hancock, William O},
  journal={Cellular and molecular bioengineering},
  volume={2},
  number={2},
  pages={177--189},
  year={2009},
  publisher={Springer}
}

@article{hegyi2001annotation,
  title={Annotation transfer for genomics: measuring functional divergence in multi-domain proteins},
  author={Hegyi, Hedi and Gerstein, Mark},
  journal={Genome research},
  volume={11},
  number={10},
  pages={1632--1640},
  year={2001},
  publisher={Cold Spring Harbor Lab}
}

@article{hunter1982phosphotyrosine,
  title={Phosphotyrosine—a new protein modification},
  author={Hunter, Tony},
  journal={Trends in biochemical sciences},
  volume={7},
  number={7},
  pages={246--249},
  year={1982},
  publisher={Elsevier}
}

@article{hunter1985protein,
  title={Protein-tyrosine kinases},
  author={Hunter, Tony and Cooper, Jonathan A},
  journal={Annual review of biochemistry},
  volume={54},
  number={1},
  pages={897--930},
  year={1985},
  publisher={Annual Reviews 4139 El Camino Way, PO Box 10139, Palo Alto, CA 94303-0139, USA}
}

@incollection{hunter19911,
  title={[1] Protein kinase classification},
  author={Hunter, Tony},
  booktitle={Methods in enzymology},
  volume={200},
  pages={3--37},
  year={1991},
  publisher={Elsevier}
}

@article{huse2002conformational,
  title={The conformational plasticity of protein kinases},
  author={Huse, Morgan and Kuriyan, John},
  journal={Cell},
  volume={109},
  number={3},
  pages={275--282},
  year={2002},
  publisher={Elsevier}
}

@article{ikebe1998hinge,
  title={A hinge at the central helix of the regulatory light chain of myosin is critical for phosphorylation-dependent regulation of smooth muscle myosin motor activity},
  author={Ikebe, Mitsuo and Kambara, Taketoshi and Stafford, Walter F and Sata, Masataka and Katayama, Eisaku and Ikebe, Reiko},
  journal={Journal of Biological Chemistry},
  volume={273},
  number={28},
  pages={17702--17707},
  year={1998},
  publisher={ASBMB}
}

@article{jakubec2018widespread,
  title={Widespread evolutionary crosstalk among protein domains in the context of multi-domain proteins},
  author={Jakubec, David and Kratochv{\'\i}l, Miroslav and Vym{\u{e}}tal, Ji{\v{r}}{\'\i} and Vondr{\'a}{\v{s}}ek, Ji{\v{r}}{\'\i}},
  journal={Plos one},
  volume={13},
  number={8},
  pages={e0203085},
  year={2018},
  publisher={Public Library of Science San Francisco, CA USA}
}

@article{jernigan2015tandem,
  title={Tandem-repeat protein domains across the tree of life},
  author={Jernigan, Kristin K and Bordenstein, Seth R},
  journal={PeerJ},
  volume={3},
  pages={e732},
  year={2015},
  publisher={PeerJ Inc.}
}

@article{jeske2019brenda,
  title={BRENDA in 2019: a European ELIXIR core data resource},
  author={Jeske, Lisa and Placzek, Sandra and Schomburg, Ida and Chang, Antje and Schomburg, Dietmar},
  journal={Nucleic acids research},
  volume={47},
  number={D1},
  pages={D542--D549},
  year={2019},
  publisher={Oxford University Press}
}

@article{kaessmann2002signatures,
  title={Signatures of domain shuffling in the human genome},
  author={Kaessmann, Henrik and Z{\"o}llner, Sebastian and Nekrutenko, Anton and Li, Wen-Hsiung},
  journal={Genome Research},
  volume={12},
  number={11},
  pages={1642--1650},
  year={2002},
  publisher={Cold Spring Harbor Lab}
}

@article{kalodimos2011nmr,
  title={NMR reveals novel mechanisms of protein activity regulation},
  author={Kalodimos, Charalampos G},
  journal={Protein Science},
  volume={20},
  number={5},
  pages={773--782},
  year={2011},
  publisher={Wiley Online Library}
}

@article{kawashima1999aaindex,
  title={AAindex: amino acid index database},
  author={Kawashima, Shuichi and Ogata, Hiroyuki and Kanehisa, Minoru},
  journal={Nucleic acids research},
  volume={27},
  number={1},
  pages={368--369},
  year={1999},
  publisher={Oxford University Press}
}

@article{kawashima2000aaindex,
  title={AAindex: amino acid index database},
  author={Kawashima, Shuichi and Kanehisa, Minoru},
  journal={Nucleic acids research},
  volume={28},
  number={1},
  pages={374--374},
  year={2000},
  publisher={Oxford University Press}
}

@article{kawashima2007aaindex,
  title={AAindex: amino acid index database, progress report 2008},
  author={Kawashima, Shuichi and Pokarowski, Piotr and Pokarowska, Maria and Kolinski, Andrzej and Katayama, Toshiaki and Kanehisa, Minoru},
  journal={Nucleic acids research},
  volume={36},
  number={suppl\_1},
  pages={D202--D205},
  year={2007},
  publisher={Oxford University Press}
}

@article{khalil2008kinesin,
  title={Kinesin's cover-neck bundle folds forward to generate force},
  author={Khalil, Ahmad S and Appleyard, David C and Labno, Anna K and Georges, Adrien and Karplus, Martin and Belcher, Angela M and Hwang, Wonmuk and Lang, Matthew J},
  journal={Proceedings of the National Academy of Sciences},
  volume={105},
  number={49},
  pages={19247--19252},
  year={2008},
  publisher={National Acad Sciences}
}

@article{klement2015effect,
  title={Effect of linker flexibility and length on the functionality of a cytotoxic engineered antibody fragment},
  author={Klement, Maximilian and Liu, Chengcheng and Loo, Bernard Liat Wen and Choo, Andre Boon-Hwa and Ow, Dave Siak-Wei and Lee, Dong-Yup},
  journal={Journal of Biotechnology},
  volume={199},
  pages={90--97},
  year={2015},
  publisher={Elsevier}
}

@article{knighton1991crystal,
  title={Crystal structure of the catalytic subunit of cyclic adenosine monophosphate-dependent protein kinase},
  author={Knighton, Daniel R and Zheng, JH and Ten Eyck, Lynn F and Ashford, Victor A and Xuong, Nguyen-Huu and Taylor, Susan S and Sowadski, Janusz M},
  journal={Science},
  volume={253},
  number={5018},
  pages={407--414},
  year={1991},
  publisher={American Association for the Advancement of Science}
}

@article{kornev2006surface,
  title={Surface comparison of active and inactive protein kinases identifies a conserved activation mechanism},
  author={Kornev, Alexandr P and Haste, Nina M and Taylor, Susan S and Ten Eyck, Lynn F},
  journal={Proceedings of the National Academy of Sciences},
  volume={103},
  number={47},
  pages={17783--17788},
  year={2006},
  publisher={National Acad Sciences}
}

@article{krogh1994hidden,
  title={Hidden Markov models in computational biology. Applications to protein modeling},
  author={Krogh, Anders and Brown, Michael and Mian, I Saira and Sjolander, Kimmen and Haussler, David},
  journal={Journal of molecular biology},
  volume={235},
  number={5},
  pages={1501--1531},
  year={1994},
  publisher={Citeseer}
}

@article{lai2015evolution,
  title={Evolution of synthetic signaling scaffolds by recombination of modular protein domains},
  author={Lai, Andicus and Sato, Paloma M and Peisajovich, Sergio G},
  journal={ACS synthetic biology},
  volume={4},
  number={6},
  pages={714--722},
  year={2015},
  publisher={ACS Publications}
}

@article{levitt1975computer,
  title={Computer simulation of protein folding},
  author={Levitt, Michael and Warshel, Arieh},
  journal={Nature},
  volume={253},
  number={5494},
  pages={694--698},
  year={1975}
}

@article{liu2010molecular,
  title={Molecular dynamics reveal the essential role of linker motions in the function of Cullin--RING E3 ligases},
  author={Liu, Jin and Nussinov, Ruth},
  journal={Journal of molecular biology},
  volume={396},
  number={5},
  pages={1508--1523},
  year={2010},
  publisher={Elsevier}
}

@article{lynch2000evolutionary,
  title={The evolutionary fate and consequences of duplicate genes},
  author={Lynch, Michael and Conery, John S},
  journal={science},
  volume={290},
  number={5494},
  pages={1151--1155},
  year={2000},
  publisher={American Association for the Advancement of Science}
}

@article{ma2011dynamic,
  title={Dynamic allostery: linkers are not merely flexible},
  author={Ma, Buyong and Tsai, Chung-Jung and Halilo{\u{g}}lu, T{\"u}rkan and Nussinov, Ruth},
  journal={Structure},
  volume={19},
  number={7},
  pages={907--917},
  year={2011},
  publisher={Elsevier}
}

@inproceedings{macqueen1967some,
  title={Some methods for classification and analysis of multivariate observations},
  author={MacQueen, James and others},
  booktitle={Proceedings of the fifth Berkeley symposium on mathematical statistics and probability},
  volume={1},
  number={14},
  pages={281--297},
  year={1967},
  organization={Oakland, CA, USA}
}

@article{manning2002protein,
  title={The protein kinase complement of the human genome},
  author={Manning, Gerard and Whyte, David B and Martinez, Ricardo and Hunter, Tony and Sudarsanam, Sucha},
  journal={Science},
  volume={298},
  number={5600},
  pages={1912--1934},
  year={2002},
  publisher={American Association for the Advancement of Science}
}

@article{milano2016structural,
  title={Structural properties of the linkers connecting the N-and C-terminal domains in the MocR bacterial transcriptional regulators},
  author={Milano, Teresa and Angelaccio, Sebastiana and Tramonti, Angela and Di Salvo, Martino Luigi and Contestabile, Roberto and Pascarella, Stefano},
  journal={Biochimie open},
  volume={3},
  pages={8--18},
  year={2016},
  publisher={Elsevier}
}

@article{mobitz2015abc,
  title={The ABC of protein kinase conformations Proteins and proteomics},
  author={M{\"o}bitz, Henrik},
  year={2015}
}

@article{muller2002structural,
  title={Structural characterization of the human proteome},
  author={M{\"u}ller, Arne and MacCallum, Robert M and Sternberg, Michael JE},
  journal={Genome research},
  volume={12},
  number={11},
  pages={1625--1641},
  year={2002},
  publisher={Cold Spring Harbor Lab}
}

@article{nakai1988cluster,
  title={Cluster analysis of amino acid indices for prediction of protein structure and function},
  author={Nakai, Kenta and Kidera, Akinori and Kanehisa, Minoru},
  journal={Protein Engineering, Design and Selection},
  volume={2},
  number={2},
  pages={93--100},
  year={1988},
  publisher={Oxford University Press}
}

@article{papaleo2016role,
  title={The role of protein loops and linkers in conformational dynamics and allostery},
  author={Papaleo, Elena and Saladino, Giorgio and Lambrughi, Matteo and Lindorff-Larsen, Kresten and Gervasio, Francesco Luigi and Nussinov, Ruth},
  journal={Chemical reviews},
  volume={116},
  number={11},
  pages={6391--6423},
  year={2016},
  publisher={ACS Publications}
}

@article{pesquita2009semantic,
  title={Semantic similarity in biomedical ontologies},
  author={Pesquita, Catia and Faria, Daniel and Falcao, Andre O and Lord, Phillip and Couto, Francisco M},
  journal={PLoS comput biol},
  volume={5},
  number={7},
  pages={e1000443},
  year={2009},
  publisher={Public Library of Science}
}

@article{pohane2015modulation,
  title={Modulation of domain--domain interaction and protein function by a charged linker: A case study of mycobacteriophage D29 endolysin},
  author={Pohane, Amol Arunrao and Patidar, Neelam Devidas and Jain, Vikas},
  journal={FEBS letters},
  volume={589},
  number={6},
  pages={695--701},
  year={2015},
  publisher={Elsevier}
}

@article{ponting2002natural,
  title={The natural history of protein domains},
  author={Ponting, Chris P and Russell, Robert R},
  journal={Annual review of biophysics and biomolecular structure},
  volume={31},
  number={1},
  pages={45--71},
  year={2002},
  publisher={Annual Reviews 4139 El Camino Way, PO Box 10139, Palo Alto, CA 94303-0139, USA}
}

@article{pufall2002autoinhibitory,
  title={Autoinhibitory domains: modular effectors of cellular regulation},
  author={Pufall, Miles A and Graves, Barbara J},
  journal={Annual review of cell and developmental biology},
  volume={18},
  number={1},
  pages={421--462},
  year={2002},
  publisher={Annual Reviews 4139 El Camino Way, PO Box 10139, Palo Alto, CA 94303-0139, USA}
}

@article{rice1999structural,
  title={A structural change in the kinesin motor protein that drives motility},
  author={Rice, Sarah and Lin, Abel W and Safer, Daniel and Hart, Cynthia L and Naber, Nariman and Carragher, Bridget O and Cain, Shane M and Pechatnikova, Elena and Wilson-Kubalek, Elizabeth M and Whittaker, Michael and others},
  journal={Nature},
  volume={402},
  number={6763},
  pages={778--784},
  year={1999},
  publisher={Nature Publishing Group}
}

@article{robinson1998optimizing,
  title={Optimizing the stability of single-chain proteins by linker length and composition mutagenesis},
  author={Robinson, Clifford R and Sauer, Robert T},
  journal={Proceedings of the National Academy of Sciences},
  volume={95},
  number={11},
  pages={5929--5934},
  year={1998},
  publisher={National Acad Sciences}
}

@article{rosenfeld2001atp,
  title={ATP reorients the neck linker of kinesin in two sequential steps},
  author={Rosenfeld, Steven S and Jefferson, Geraldine M and King, Peter H},
  journal={Journal of Biological Chemistry},
  volume={276},
  number={43},
  pages={40167--40174},
  year={2001},
  publisher={ASBMB}
}

@article{rozycki2017length,
  title={The length but not the sequence of peptide linker modules exerts the primary influence on the conformations of protein domains in cellulosome multi-enzyme complexes},
  author={R{\'o}{\.z}ycki, Bartosz and Cazade, Pierre-Andr{\'e} and O'Mahony, Shane and Thompson, Damien and Cieplak, Marek},
  journal={Physical Chemistry Chemical Physics},
  volume={19},
  number={32},
  pages={21414--21425},
  year={2017},
  publisher={Royal Society of Chemistry}
}

@article{segura2015using,
  title={Using neighborhood cohesiveness to infer interactions between protein domains},
  author={Segura, Joan and Sorzano, Carlos Oscar S{\'a}nchez and Cuenca-Alba, Jesus and Aloy, Patrick and Carazo, Jos{\'e} Mar{\'\i}a},
  journal={Bioinformatics},
  volume={31},
  number={15},
  pages={2545--2552},
  year={2015},
  publisher={Oxford University Press}
}

@article{shastry2010neck,
  title={Neck linker length determines the degree of processivity in kinesin-1 and kinesin-2 motors},
  author={Shastry, Shankar and Hancock, William O},
  journal={Current Biology},
  volume={20},
  number={10},
  pages={939--943},
  year={2010},
  publisher={Elsevier}
}

@article{smock2010interdomain,
  title={An interdomain sector mediating allostery in Hsp70 molecular chaperones},
  author={Smock, Robert G and Rivoire, Olivier and Russ, William P and Swain, Joanna F and Leibler, Stanislas and Ranganathan, Rama and Gierasch, Lila M},
  journal={Molecular systems biology},
  volume={6},
  number={1},
  pages={414},
  year={2010},
  publisher={John Wiley \& Sons, Ltd Chichester, UK}
}

@article{stout2004high,
  title={High-throughput structural biology in drug discovery: protein kinases},
  author={Stout, TJ and Foster, PG and Matthews, DJ},
  journal={Current pharmaceutical design},
  volume={10},
  number={10},
  pages={1069--1082},
  year={2004},
  publisher={Bentham Science Publishers}
}

@article{taylor1994three,
  title={Three protein kinase structures define a common motif},
  author={Taylor, Susan Serota and Radzio-Andzelm, Elzbieta},
  journal={Structure},
  volume={2},
  number={5},
  pages={345--355},
  year={1994},
  publisher={Elsevier}
}

@article{taylor2011protein,
  title={Protein kinases: evolution of dynamic regulatory proteins},
  author={Taylor, Susan S and Kornev, Alexandr P},
  journal={Trends in biochemical sciences},
  volume={36},
  number={2},
  pages={65--77},
  year={2011},
  publisher={Elsevier}
}

@article{taylor2015integration,
  title={Integration of signaling in the kinome: Architecture and regulation of the $\alpha$C Helix},
  author={Taylor, Susan S and Shaw, Andrey S and Kannan, Natarajan and Kornev, Alexandr P},
  journal={Biochimica et Biophysica Acta (BBA)-Proteins and Proteomics},
  volume={1854},
  number={10},
  pages={1567--1574},
  year={2015},
  publisher={Elsevier}
}

@article{teichmann1998structural,
  title={Structural assignments to the Mycoplasma genitalium proteins show extensive gene duplications and domain rearrangements},
  author={Teichmann, Sarah A and Park, Jong and Chothia, Cyrus},
  journal={Proceedings of the National Academy of Sciences},
  volume={95},
  number={25},
  pages={14658--14663},
  year={1998},
  publisher={National Acad Sciences}
}

@article{tomii1996analysis,
  title={Analysis of amino acid indices and mutation matrices for sequence comparison and structure prediction of proteins},
  author={Tomii, Kentaro and Kanehisa, Minoru},
  journal={Protein Engineering, Design and Selection},
  volume={9},
  number={1},
  pages={27--36},
  year={1996},
  publisher={Oxford University Press}
}

@article{ung2018redefining,
  title={Redefining the protein kinase conformational space with machine learning},
  author={Ung, Peter Man-Un and Rahman, Rayees and Schlessinger, Avner},
  journal={Cell chemical biology},
  volume={25},
  number={7},
  pages={916--924},
  year={2018},
  publisher={Elsevier}
}

@article{van1997linker,
  title={Linker length and composition influence the flexibility of Oct-1 DNA binding},
  author={van Leeuwen, Hans C and Strating, Marijke J and Rensen, Marije and de Laat, Wouter and van der Vliet, Peter C},
  journal={The EMBO journal},
  volume={16},
  number={8},
  pages={2043--2053},
  year={1997},
  publisher={John Wiley \& Sons, Ltd}
}

@article{vogel2004structure,
  title={Structure, function and evolution of multidomain proteins},
  author={Vogel, Christine and Bashton, Matthew and Kerrison, Nicola D and Chothia, Cyrus and Teichmann, Sarah A},
  journal={Current opinion in structural biology},
  volume={14},
  number={2},
  pages={208--216},
  year={2004},
  publisher={Elsevier}
}

@article{ward1963hierarchical,
  title={Hierarchical grouping to optimize an objective function},
  author={Ward Jr, Joe H},
  journal={Journal of the American statistical association},
  volume={58},
  number={301},
  pages={236--244},
  year={1963},
  publisher={Taylor \& Francis Group}
}

@article{wierenga1983predicted,
  title={Predicted nucleotide-binding properties of p21 protein and its cancer-associated variant},
  author={Wierenga, Rik K and Hol, Wim GJ},
  journal={Nature},
  volume={302},
  number={5911},
  pages={842--844},
  year={1983},
  publisher={Springer}
}

@article{winkler1977tomato,
  title={Tomato bushy stunt virus at 5.5-{\AA} resolution},
  author={Winkler, FK and Schutt, CE and Harrison, SC and Bricogne, G},
  journal={Nature},
  volume={265},
  number={5594},
  pages={509--513},
  year={1977},
  publisher={Springer}
}

@article{wolf2000estimating,
  title={Estimating the number of protein folds and families from complete genome data},
  author={Wolf, Yuri I and Grishin, Nick V and Koonin, Eugene V},
  journal={Journal of molecular biology},
  volume={299},
  number={4},
  pages={897--905},
  year={2000},
  publisher={Elsevier}
}

@article{wriggers2005control,
  title={Control of protein functional dynamics by peptide linkers},
  author={Wriggers, Willy and Chakravarty, Sugoto and Jennings, Patricia A},
  journal={Peptide Science: Original Research on Biomolecules},
  volume={80},
  number={6},
  pages={736--746},
  year={2005},
  publisher={Wiley Online Library}
}

@article{young2001dynamic,
  title={Dynamic coupling between the SH2 and SH3 domains of c-Src and Hck underlies their inactivation by C-terminal tyrosine phosphorylation},
  author={Young, Matthew A and Gonfloni, Stefania and Superti-Furga, Giulio and Roux, Benoit and Kuriyan, John},
  journal={Cell},
  volume={105},
  number={1},
  pages={115--126},
  year={2001},
  publisher={Elsevier}
}

@article{zhao2018gogo,
  title={GOGO: An improved algorithm to measure the semantic similarity between gene ontology terms},
  author={Zhao, Chenguang and Wang, Zheng},
  journal={Scientific reports},
  volume={8},
  number={1},
  pages={1--10},
  year={2018},
  publisher={Nature Publishing Group}
}

@article{zuccotto2010through,
  title={Through the “gatekeeper door”: exploiting the active kinase conformation},
  author={Zuccotto, Fabio and Ardini, Elena and Casale, Elena and Angiolini, Mauro},
  journal={Journal of medicinal chemistry},
  volume={53},
  number={7},
  pages={2681--2694},
  year={2010},
  publisher={ACS Publications}
}
